@online{minecraft,
  language = "russian",
  title    = "Официальный сайт Minecraft [Электронный ресурс]",
  note     = "URL: \url{https://www.minecraft.net/ru-ru} (дата обращения: 5.05.2022)"
}

@online{mine-rating,
  language = "russian",
  title    = "Сервера Майнкрафт <<MinecraftRating>> [Электронный ресурс]",
  note     = "URL: \url{https://minecraftrating.ru/} (дата обращения: 5.05.2022)"
}

@online{cs,
  language = "english",
  title    = "Официальный сайт Counter-Strike [Электронный ресурс]",
  note     = "URL: \url{https://blog.counter-strike.net/} (дата обращения: 5.05.2022)"
}

@online{servers-cs,
  language = "russian",
  title    = "Сервера Counter-Strike <<Сервера КС>> [Электронный ресурс]",
  note     = "URL: \url{https://servera-csgo.ru/} (дата обращения: 5.05.2022)"
}

@online{mine-servs,
  language = "english",
  title    = "Сервера Майнкрафт <<Best Minecraft Servers>> [Электронный ресурс]",
  note     = "URL: \url{https://best-minecraft-servers.co/} (дата обращения: 5.05.2022)"
}

@online{game-tracker,
  language = "english",
  title    = "Сервера Counter-Strike <<Game Tracker>> [Электронный ресурс]",
  note     = "URL: \url{https://www.gametracker.com/search/cs/} (дата обращения: 5.05.2022)"
}

@online{er,
  language = "russian",
  title    = "Нотации модели сущность-связь (ER диаграммы) [Электронный ресурс]",
  note     = "URL: \url{https://pro-prof.com/archives/8126} (дата обращения: 5.05.2022)"
}

@online{db-is,
  language = "russian",
  title    = "Что такое база данных? [Электронный ресурс]",
  note     = "URL: \url{https://www.oracle.com/cis/database/what-is-database/} (дата обращения: 5.05.2022)"
}

@online{pre_sql,
  language = "russian",
  title    = "Дореляционные модели данных [Электронный ресурс]",
  note     = "URL: \url{https://spravochnick.ru/bazy_dannyh/dorelyacionnye_modeli_dannyh/} (дата обращения: 5.05.2022)"
}

@online{db-sql,
  language = "russian",
  title    = "Что такое реляционная база данных? [Электронный ресурс]",
  note     = "URL: \url{https://aws.amazon.com/ru/relational-database} (дата обращения: 5.05.2022)"
}

@online{sql,
  language = "english",
  title    = "SQL [Электронный ресурс]",
  note     = "URL: \url{https://blog.skillfactory.ru/glossary/sql/} (дата обращения: 5.05.2022)"
}

@online{db-nosql,
  language = "english",
  title    = "Нереляционные данные и базы данных NoSQL [Электронный ресурс]",
  note     = "URL: \url{https://docs.microsoft.com/ru-ru/azure/architecture/data-guide/big-data/non-relational-data} (дата обращения: 5.05.2022)"
}

@online{csharp,
  language = "russian",
  title    = "C Sharp [Электронный ресурс]",
  note     = "URL: \url{https://docs.microsoft.com/ru-ru/dotnet/csharp/} (дата обращения: 5.05.2022)"
}

@online{ef_core,
  language = "russian",
  title    = "Entity Framework Core [Электронный ресурс]",
  note     = "URL: \url{https://docs.microsoft.com/ru-ru/ef/core/} (дата обращения: 5.05.2022)"
}

@online{vs,
  language = "russian",
  title    = "Visual Studio [Электронный ресурс]",
  note     = "URL: \url{https://visualstudio.microsoft.com/ru/} (дата обращения: 5.05.2022)"
}

@online{asp,
  language = "russian",
  title    = "ASP.NET [Электронный ресурс]",
  note     = "URL: \url{https://docs.microsoft.com/ru-ru/aspnet/core/?view=aspnetcore-6.0} (дата обращения: 5.05.2022)"
}

@online{mvc,
  language = "russian",
  title    = "MVC [Электронный ресурс]",
  note     = "URL: \url{https://docs.microsoft.com/ru-ru/aspnet/core/mvc/overview?view=aspnetcore-6.0} (дата обращения: 5.05.2022)"
}

@online{mysql,
  language = "english",
  title    = "MySQL [Электронный ресурс]",
  note     = "URL: \url{https://dev.mysql.com/doc/} (дата обращения: 5.05.2022)"
}

@online{sqlserver,
  language = "russian",
  title    = "SQL Server [Электронный ресурс]",
  note     = "URL: \url{https://www.microsoft.com/ru-ru/sql-server/sql-server-2022} (дата обращения: 5.05.2022)"
}

@online{oracle,
  language = "russian",
  title    = "Oracle [Электронный ресурс]",
  note     = "URL: \url{https://www.oracle.com/cis/database/} (дата обращения: 5.05.2022)"
}

@online{postgres,
  language = "russian",
  title    = "PostgreSQL [Электронный ресурс]",
  note     = "URL: \url{https://www.postgresql.org/docs/} (дата обращения: 5.05.2022)"
}

@online{ubuntu,
  language = "english",
  title    = "Ubuntu 22.04.1 LTS (Jammy Jellyfish) [Электронный ресурс]",
  note     = "URL: \url{https://releases.ubuntu.com/22.04/} (дата обращения: 5.05.2022)"
}

@online{linux,
  language = "russian",
  title    = "Linux [Электронный ресурс]",
  note     = "URL: \url{https://linux.die.net/} (дата обращения: 5.05.2022)"
}

@online{intel,
  language = "russian",
  title    = "Процессор Intel Core i5-7300HQ [Электронный ресурс]",
  note     = "URL: \url{https://ark.intel.com/content/www/ru/ru/ark/products/97456/intel-core-i5-7300hq-processor-6m-cache-up-to-3-50-ghz.html} (дата обращения: 5.05.2022)"
}

@online{gtx1050,
  language = "english",
  title    = "GEFORCE GTX 1050 [Электронный ресурс]",
  note     = "URL: \url{https://www.nvidia.com/en-in/geforce/products/10series/geforce-gtx-1050/} (дата обращения: 5.05.2022)"
}
