@article{
	waterfall-spray-cloud,
	author="Nobuhiko Mukai",
	title="Waterfall Simulation with Spray Cloud in different Environments [Электронный ресурс]",
	journal="Токио, Tokyo City University",
	year=2016,
	language="english"
}


@misc{minecraft,
	title="Официальный сайт Minecraft [Электронный ресурс]",
	howpublished="Режим доступа: \url{https://www.minecraft.net/ru-ru} (дата обращения: 5.05.2022)"
}


@misc{mine-rating,
	title="Сервера Майнкрафт <<MinecraftRating>> [Электронный ресурс]",
	howpublished="Режим доступа: \url{https://minecraftrating.ru/} (дата обращения: 5.05.2022)"
}


@misc{cs,
	title="Официальный сайт Counter-Strike [Электронный ресурс]",
	howpublished="Режим доступа: \url{https://blog.counter-strike.net/} (дата обращения: 5.05.2022)"
}


@misc{servers-cs,
	title="Сервера Counter-Strike <<Сервера КС>> [Электронный ресурс]",
	howpublished="Режим доступа: \url{https://servera-csgo.ru/} (дата обращения: 5.05.2022)"
}


@misc{mine-servs,
	title="Сервера Майнкрафт <<Best Minecraft Servers>> [Электронный ресурс]",
	howpublished="Режим доступа: \url{https://best-minecraft-servers.co/} (дата обращения: 5.05.2022)"
}


@misc{game-tracker,
	title="Сервера Counter-Strike <<Game Tracker>> [Электронный ресурс]",
	howpublished="Режим доступа: \url{https://www.gametracker.com/search/cs/} (дата обращения: 5.05.2022)"
}


@misc{er,
	title="Нотации модели сущность-связь (ER диаграммы) [Электронный ресурс]",
	howpublished="Режим доступа: \url{https://pro-prof.com/archives/8126} (дата обращения: 5.05.2022)"
}


@misc{db-is,
	title="Что такое база данных? [Электронный ресурс]",
	howpublished="Режим доступа: \url{https://www.oracle.com/cis/database/what-is-database/} (дата обращения: 5.05.2022)"
}


@misc{db-sql,
	title="Что такое реляционная база данных? [Электронный ресурс]",
	howpublished="Режим доступа: \url{https://aws.amazon.com/ru/relational-database/} (дата обращения: 5.05.2022)"
}


@misc{sql,
	title="SQL [Электронный ресурс]",
	howpublished="Режим доступа: \url{https://blog.skillfactory.ru/glossary/sql/} (дата обращения: 5.05.2022)"
}


@misc{db-nosql,
	title="Нереляционные данные и базы данных NoSQL [Электронный ресурс]",
	howpublished="Режим доступа: \url{https://docs.microsoft.com/ru-ru/azure/architecture/data-guide/big-data/non-relational-data} (дата обращения: 5.05.2022)"
}










@misc{python-lang,
	title="Welcome to Python [Электронный ресурс]",
	howpublished="Режим доступа: \url{https://www.python.org} (дата обращения: 23.11.2021)"
}


@misc{qt-designer,
	title="Qt Designer Manual [Электронный ресурс]",
	howpublished="Режим доступа: \url{https://doc.qt.io/qt-5/qtdesigner-manual.html} (дата обращения: 23.11.2021)"
}


@misc{vs-code,
	title="Visual Studio Code [Электронный ресурс]",
	howpublished="Режим доступа: \url{https://code.visualstudio.com/docs} (дата обращения: 23.11.2021)"
}


@misc{ubuntu,
	title="Ubuntu 20.04.3 LTS (Focal Fossa) [Электронный ресурс]",
	howpublished="Режим доступа: \url{https://releases.ubuntu.com/20.04/} (дата обращения: 27.11.2021)"
}


@misc{linux,
	title="Linux [Электронный ресурс]",
	howpublished="Режим доступа: \url{https://www.linux.org/forums/#linux-tutorials.122} (дата обращения: 27.11.2021)"
}


@misc{intel,
	title="Процессор Intel® Core™ i5-7300HQ [Электронный ресурс]",
	howpublished="Режим доступа: \url{https://ark.intel.com/content/www/ru/ru/ark/products/97456/intel-core-i5-7300hq-processor-6m-cache-up-to-3-50-ghz.html} (дата обращения: 25.11.2021)"
}


@misc{gtx1050,
	title="GEFORCE GTX 1050 [Электронный ресурс]",
	howpublished="Режим доступа: \url{https://www.nvidia.com/en-in/geforce/products/10series/geforce-gtx-1050/} (дата обращения: 25.11.2021)"
}



